@inreference{noauthor_tex_2022,
  title     = {{TeX}},
  rights    = {Creative Commons Attribution-{ShareAlike} License},
  url       = {https://de.wikipedia.org/w/index.php?title=TeX&oldid=224007647},
  abstract  = {{TeX} ([tɛx], im deutschsprachigen Raum auch [tɛç] ), in Eigenschreibweise, ist ein von Donald E. Knuth ab 1977 entwickeltes und 1986 fertiggestelltes Textsatzsystem mit eingebauter Makrosprache (die ebenfalls {TeX} genannt wird). Im engeren Sinn ist {TeX} ein einzelnes Programm (auf einem Rechner eine ausführbare Datei bzw. der zugrundeliegende Quellcode), das einfache Textdateien und Zeichensatzdateien einliest und eine binäre Dokumentdatei (gewissermaßen eines Grafikformats, genauer einer Seitenbeschreibungssprache) erzeugt, die von anderen Programmen ausgedruckt, angezeigt oder anderweitig für eine Ausgabe weiterverarbeitet werden kann; die Funktionalität dieses Programms ist seit 1990 „eingefroren“, und heutzutage wird es vorwiegend von Weiterentwicklungen wie {pdfTeX} emuliert. In einem weiten Sinne besteht das Textsatzsystem {TeX} aus Weiterentwicklungen dieses Programms, aus Zeichensatzdateien, tausenden Paketen, die als Eingabetexte verwendet werden können, und vielen weiteren Programmen zur Vor-, Nach- und Zwischenbearbeitung (Sortieren von Registereinträgen, Erzeugen des Literaturverzeichnisses aus einer Datenbank, Bildschirmanzeige, …). Der am einfachsten zu erlernende und auch für unterschiedlichste Kombinationen von Anforderungen am besten gepflegte Zugang zu {TeX} besteht in der Verwendung des Makropakets {LaTeX} (samt seinen Erweiterungen), sodass für die Masse der Anwender „{TeX}“ und „{LaTeX}“ gewissermaßen dasselbe ist.},
  booktitle = {Wikipedia},
  urldate   = {2022-07-25},
  date      = {2022-06-26},
  langid    = {german},
  note      = {Page Version {ID}: 224007647}
}

@online{noauthor_gewichtete_nodate,
  title   = {Gewichtete Punktbewertung - Methodos @ {TU} Braunschweig},
  url     = {https://methodos.ik.ing.tu-bs.de/methode/GewichtetePunktbewertung.html},
  urldate = {2022-08-04},
  file    = {Gewichtete Punktbewertung - Methodos @ TU Braunschweig:C\:\\Users\\nicho\\Zotero\\storage\\4HATC6AK\\GewichtetePunktbewertung.html:text/html}
}